@article{paper,
	Author = {J. Vanek and J. A. G. Galicia and B. Benes},
	Journal = {Eurographics Symposium on Geometry Processing},
	Title = {Clever Support: Efficient Support Structure Generation for Digital Fabrication},
	Year = {2014}}

@article{overhang,
	Author = {Alexander P., Allen S., Dutta D.},
	Journal = {Computer-Aided Design},
	Title = {Part orientation and build cost determination in layered manufacturing},
	Year = {1998}}

@article{tree2,
	Author = {Gilbert E., Pollak H.},
	Journal = {SIAM Journal on Applied Mathematics},
	Title = {Steiner minimal trees},
	Year = {1968}}

@article{tree,
	Author = {HWang F. K., Richard D. S.},
	Journal = {Networks},
	Title = {Steiner tree problems},
	Year = {1992}}

@misc{sampling,
	Howpublished = {http://www.sunshine2k.de/coding/java/TriangleRasterization/Triangle-Rasterization.html},
	Note = {Accessed: 2016-03-16},
	Title = {Software Rasterization Algorithms for Filling Triangles}}

@misc{rotation,
	Howpublished = {http://inside.mines.edu/fs\_home/gmurray/ArbitraryAxisRotation/},
	Note = {Accessed: 2016-03-20},
	Title = {Rotation About an Arbitrary Axis in 3 Dimensions}}

@misc{cone1,
	Howpublished = {http://www.grad.hr/geomteh3d/prodori/prodor\_stst\_eng.html},
	Note = {Accessed: 2016-03-12},
	Title = {A general principle for the construction of points of the intersection of two cones}}

@misc{cone2,
	Howpublished = {http://www.geometrictools.com/Documentation/IntersectionLineCone.pdf},
	Note = {Accessed: 2016-03-12},
	Title = {Intersection of a Line and a Cone}}

@misc{pint,
	Howpublished = {http://math.stackexchange.com/q/544947},
	Title = {Determine if projection of 3D point onto plane is within a triangle},
	Note = {Accessed: 2016-03-12}}
