@article{Chalancon1,
    author  = "Chalancon, G. and Kruse, K. and Babu, M. M.",
    title   = "Metabolic Networks, Structure and Dynamics",
    year    = "2013",
    journal = "Encyclopedia of Systems Biology",
    pages   = "1263-1267"
}

@article{Feist2,
    author  = "Feist, A. M. and Herrgård, M. J. and Thiele and I., Reed, J. L. and Palsson, B.",
    title   = "Reconstruction of biochemical networks in microorganisms",
    year    = "2009",
    journal = "Nature Reviews Microbiology",
    volume  = "7",
    number  = "2",
    pages   = "129-143"
}

@article{Conde3,
    author  = "Conde, P. D. R. M. and Sauter, T. and Pfau, T.",
    title   = "Constraint based modeling going multicellular",
    year    = "2016",
    journal = "Frontiers in molecular biosciences",
    volume  = "3"
}

@article{Kumar4,
    author  = "Kumar, V. S. and Dasika, M. S. and Maranas, C. D.",
    title   = "Optimization based automated curation of metabolic reconstructions",
    year    = "2007",
    journal = "BMC bioinformatics",
    volume  = "8",
    number  = "1",
    pages   = "212"
}

@article{Burgard5,
    author  = "Burgard, A. P. and Pharkya, P. and Maranas, C. D.",
    title   = "Optknock: a bilevel programming framework for identifying gene knockout strategies for microbial strain optimization",
    year    = "2003",
    journal = "Biotechnology and bioengineering",
    volume  = "84",
    number  = "6",
    pages   = "647-657"
}

@article{Patil6,
    author  = "Patil, K. R., Rocha, I. and Förster, J. and Nielsen, J.",
    title   = "Evolutionary programming as a platform for in silico metabolic engineering",
    year    = "2005",
    journal = "BMC bioinformatics",
    volume  = "6",
    number  = "1",
    pages   = "308"
}

@article{Smallbone7,
    author  = "Smallbone, K. and Simeonidis, E.",
    title   = "Flux balance analysis: a geometric perspective",
    year    = "2009",
    journal = "Journal of theoretical biology",
    volume  = "258",
    number  = "2",
    pages   = "311-315"
}

@article{Schellenberger8,
    author  = "Schellenberger, J. and Lewis, N. E. and Palsson, B.",
    title   = "Elimination of thermodynamically infeasible loops in steady-state metabolic models",
    year    = "2011",
    journal = "Biophysical journal",
    volume  = "100",
    number  = "3",
    pages   = "544-553"
}

@article{Thiele9,
    author  = "Thiele, I. and Price, N. D. and Vo, T. D. and Palsson, B.",
    title   = "Candidate metabolic network states in human mitochondria impact of diabetes, ischemia, and diet",
    year    = "2005",
    journal = "Journal of Biological Chemistry",
    volume  = "280",
    number  = "12",
    pages   = "11683-11695"
}

@article{Klamt10,
    author  = "Klamt, S. and Stelling, J. and Ginkel, M. and Gilles, E. D.",
    title   = "FluxAnalyzer: exploring structure, pathways, and flux distributions in metabolic networks on interactive flux maps",
    year    = "2003",
    journal = "Bioinformatics",
    volume  = "19",
    number  = "2",
    pages   = "261-269"
}

@article{Hucka11,
    author  = "Hucka, M. and Finney, A. and Sauro, H. M. and Bolouri, H. and Doyle, J. C. and  Kitano, H. and Cuellar, A. A.",
    title   = "The systems biology markup language (SBML): a medium for representation and exchange of biochemical network models",
    year    = "2003",
    journal = "Bioinformatics",
    volume  = "19",
    number  = "4",
    pages   = "524-531"
}

@article{Orth12,
    author  = "Orth, J. D. and Thiele, I. and Palsson, B.",
    title   = "What is flux balance analysis?",
    year    = "2010",
    journal = "Nature biotechnology",
    volume  = "28",
    number  = "3",
    pages   = "245-248"
}

@article{Thorleifsson13,
    author  = "Thorleifsson, S. G. and Thiele, I.",
    title   = "A COBRA toolbox extension for reconstructing high-quality biochemical networks",
    year    = "2011",
    journal = "Bioinformatics",
    volume  = "27",
    number  = "14",
    pages   = "2009-2010"
}

@article{TZimmerman14,
    author  = "TZimmerman, J.",
    title   = "Thermodynamics of biochemical reactions: Alberty, Robert A.",
    year    = "2003"
}

@article{Jankowski15,
    author  = "Jankowski, M. D. and Henry, C. S. and Broadbelt, L. J. and Hatzimanikatis, V.",
    title   = "Group contribution method for thermodynamic analysis of complex metabolic networks",
    year    = "2008",
    journal = "Biophysical journal",
    volume  = "95",
    number  = "3",
    pages   = "1487-1499"
}

@article{Kostromins16,
    author  = "Kostromins, A. and Stalidzans, E.",
    title   = "Paint4Net: COBRA Toolbox extension for visualization of stoichiometric models of metabolism",
    year    = "2012",
    journal = "Biosystems",
    volume  = "109",
    number  = "2",
    pages   = "233-239"
}

@article{Mao17,
    author  = "Mao, L. and Verwoerd, W. S.",
    title   = "ORCA: a COBRA toolbox extension for model-driven discovery and analysis",
    year    = "2013",
    journal = "Bioinformatics",
    volume  = "30",
    number  = "4",
    pages   = "584-585"
}

@article{Hinton18,
    author  = "H. Scott Hinton",
    title   = "Flux Balance Analysis Overview",
    year    = "2015",
    journal = "Utah State University"
}

@article{Leonid19,
    author  = "Chindelevitch, Leonid. and Trigg, Jason. and Regev, Aviv. and Berger, Bonnie.",
    title   = "An exact arithmetic toolbox for a consistent and reproducible structural analysis of metabolic network models",
    year    = "2014",
    journal = "Nature Communications",
    volume  = "5",
    number  = "4893"
}

@article{Leonid20,
    author  = "Chindelevitch, Leonid",
    title   = "Extracting Information from Biological Networks",
    year    = "2006",
    journal = "DSpace@MIT. https://dspace.mit.edu/handle/1721.1/64607"
}

@article{Becker20,
    author  = "Becker, S. A. and A. M. Feist and et al.",
    title   = "Quantitative prediction of cellular metabolism with constraint‐based models: the COBRA Toolbox",
    year    = "2007",
    journal = "Nature protocols",
    volume  = "2",
    number  = "3",
    pages = "727‐738"
}

@article{Leonid21,
    author  = "Chindelevitch, Leonid. and Trigg, Jason. and Regev, Aviv. and Berger, Bonnie.",
    title   = "MetaMerge: scaling up genome-scale metabolic reconstructions with application to Mycobacterium tuberculosis",
    year    = "2012",
    journal = "Genome biology",
    volume  = "13",
    number  = "1"
}

@article{Leonid22,
    author  = "Chindelevitch, Leonid. and Trigg, Jason. and Regev, Aviv. and Berger, Bonnie.",
    title   = "Reply to “Do genome‐scale models need exact solvers or clearer standards?”",
    year    = "2015",
    journal = "Molecular systems biology",
    volume  = "11",
    number  = "10",
    pages = "830"
}